%% This BibTeX bibliography file was created using BibDesk.
%% http://bibdesk.sourceforge.net/

%% Created for Ditlev Kiersgaard Frisch at 2018-09-12 10:31:14 +0200 


%% Saved with string encoding Unicode (UTF-8) 



@article{mitchell1988bayesian,
	Author = {Mitchell, Toby J and Beauchamp, John J},
	Date-Added = {2018-09-12 08:31:03 +0000},
	Date-Modified = {2018-09-12 08:31:03 +0000},
	Journal = {Journal of the American Statistical Association},
	Number = {404},
	Pages = {1023--1032},
	Publisher = {Taylor \& Francis Group},
	Title = {Bayesian variable selection in linear regression},
	Volume = {83},
	Year = {1988}}

@article{rovckova2018spike,
  title={The Spike-and-Slab Lasso},
  author={Ro{\v{c}}kov{\'a}, Veronika and George, Edward I},
  journal={Journal of the American Statistical Association},
  volume={113},
  number={521},
  pages={431--444},
  year={2018},
  publisher={Taylor \& Francis}
}

@article{Tibshirani:1996aa,
	Added-At = {2009-04-04T18:01:35.000+0200},
	Author = {Tibshirani, R.},
	Biburl = {https://www.bibsonomy.org/bibtex/290e648276aa6cd3c601e7c0a54366233/dieudonnew},
	Date-Added = {2018-09-12 08:29:11 +0000},
	Date-Modified = {2018-09-12 08:29:11 +0000},
	Interhash = {334927808d42a9a6bf8eae717fed41b3},
	Intrahash = {90e648276aa6cd3c601e7c0a54366233},
	Journal = {Journal of the Royal Statistical Society (Series B)},
	Keywords = {imported},
	Pages = {267-288},
	Timestamp = {2009-04-04T18:01:35.000+0200},
	Title = {Regression Shrinkage and Selection via the Lasso},
	Volume = 58,
	Year = 1996}

@article{george1993variable,
  title={Variable Selection via Gibbs Sampling},
  author={George, Edward I and McCulloch, Robert E},
  journal={Journal of the American Statistical Association},
  volume={88},
  number={423},
  pages={881--889},
  year={1993},
  publisher={Taylor \& Francis}
}

@article{george1997approaches,
  title={Approaches for Bayesian variable selection},
  author={George, Edward I and McCulloch, Robert E},
  journal={Statistica sinica},
  pages={339--373},
  year={1997},
  publisher={JSTOR}
}

@article{malsiner2011comparing,
  title={Comparing Spike and Slab Priors for Bayesian Variable Selection},
  author={Malsiner-Walli, Gertraud and Wagner, Helga},
  journal={Austrian Journal of Statistics},
  volume={40},
  number={4},
  pages={241--264},
  year={2011}
}

@article{zellner1986assessing,
  title={On Assessing Prior Distributions and Bayesian Regression Analysis with g-prior Distributions},
  author={Zellner, Arnold},
  journal={Bayesian inference and decision techniques},
  year={1986},
  publisher={Elsevier Science}
}

@article{dempster1977maximum,
  title={Maximum Likelihood from Incomplete Data via the EM Algorithm},
  author={Dempster, Arthur P and Laird, Nan M and Rubin, Donald B},
  journal={Journal of the royal statistical society. Series B (methodological)},
  pages={1--38},
  year={1977},
  publisher={JSTOR}
  }
  
  @article{ishwaran2005spike,
  title={Spike and Slab Variable Selection: Frequentist and Bayesian strategies},
  author={Ishwaran, Hemant and Rao, J Sunil and others},
  journal={The Annals of Statistics},
  volume={33},
  number={2},
  pages={730--773},
  year={2005},
  publisher={Institute of Mathematical Statistics}
}

@article{ishwaran2011consistency,
  title={Consistency of Spike and Slab Regression},
  author={Ishwaran, Hemant and Rao, J Sunil},
  journal={Statistics \& Probability Letters},
  volume={81},
  number={12},
  pages={1920--1928},
  year={2011},
  publisher={Elsevier}
}

@article{zou2006adaptive,
  title={The Adaptive Lasso and its Oracle Properties},
  author={Zou, Hui},
  journal={Journal of the American statistical association},
  volume={101},
  number={476},
  pages={1418--1429},
  year={2006},
  publisher={Taylor \& Francis}
}

@article{belloni2014inference,
  title={Inference on Treatment Effects after Selection Among High-Dimensional Controls},
  author={Belloni, Alexandre and Chernozhukov, Victor and Hansen, Christian},
  journal={The Review of Economic Studies},
  volume={81},
  number={2},
  pages={608--650},
  year={2014},
  publisher={Oxford University Press}
}

@article{belloni2014high,
  title={High-Dimensional Methods and Inference on Structural and Treatment Effects},
  author={Belloni, Alexandre and Chernozhukov, Victor and Hansen, Christian},
  journal={Journal of Economic Perspectives},
  volume={28},
  number={2},
  pages={29--50},
  year={2014}
}

@article{fan2001variable,
  title={Variable selection via nonconcave penalized likelihood and its oracle properties},
  author={Fan, Jianqing and Li, Runze},
  journal={Journal of the American statistical Association},
  volume={96},
  number={456},
  pages={1348--1360},
  year={2001},
  publisher={Taylor \& Francis}
}

@article{hoerl1970ridge,
  title={Ridge Regression: Biased Estimation for Nonorthogonal Problems},
  author={Hoerl, Arthur E and Kennard, Robert W},
  journal={Technometrics},
  volume={12},
  number={1},
  pages={55--67},
  year={1970},
  publisher={Taylor \& Francis Group}
}

@article{zou2005regularization,
  title={Regularization and Variable Selection Via the Elastic Net},
  author={Zou, Hui and Hastie, Trevor},
  journal={Journal of the Royal Statistical Society: Series B (Statistical Methodology)},
  volume={67},
  number={2},
  pages={301--320},
  year={2005},
  publisher={Wiley Online Library}
}

@article{diebolt1994estimation,
  title={Estimation of Finite Mixture Distributions Through Bayesian Sampling},
  author={Diebolt, Jean and Robert, Christian P},
  journal={Journal of the Royal Statistical Society. Series B (Methodological)},
  pages={363--375},
  year={1994},
  publisher={JSTOR}
}

@misc{piatek2018bayesian,
  title={A Bayesian Nonparametric Approach to Factor Analysis},
  author={Piatek, R{\'e}mi and Papaspiliopoulos, Omiros},
  year={2018}
}

@article{kass1995bayes,
  title={Bayes Factors},
  author={Kass, Robert E and Raftery, Adrian E},
  journal={Journal of the American Statistical Association},
  volume={90},
  number={430},
  pages={773--795},
  year={1995},
  publisher={Taylor \& Francis}
}

@article{newton1994approximate,
  title={Approximate Bayesian Inference With the Weighted Likelihood Bootstrap},
  author={Newton, Michael A and Raftery, Adrian E},
  journal={Journal of the Royal Statistical Society. Series B (Methodological)},
  pages={3--48},
  year={1994},
  publisher={JSTOR}
}

@article{carlin1995bayesian,
  title={Bayesian model choice via Markov chain Monte Carlo methods},
  author={Carlin, Bradley P and Chib, Siddhartha},
  journal={Journal of the Royal Statistical Society. Series B (Methodological)},
  pages={473--484},
  year={1995},
  publisher={JSTOR}
}

@article{yuan2006model,
  title={Model selection and estimation in regression with grouped variables},
  author={Yuan, Ming and Lin, Yi},
  journal={Journal of the Royal Statistical Society: Series B (Statistical Methodology)},
  volume={68},
  number={1},
  pages={49--67},
  year={2006},
  publisher={Wiley Online Library}
}

@book{shao2012jackknife,
  title={The jackknife and bootstrap},
  author={Shao, Jun and Tu, Dongsheng},
  year={2012},
  publisher={Springer Science \& Business Media}
}

@article{park2008bayesian,
  title={The bayesian lasso},
  author={Park, Trevor and Casella, George},
  journal={Journal of the American Statistical Association},
  volume={103},
  number={482},
  pages={681--686},
  year={2008},
  publisher={Taylor \& Francis}
}

@book{hastie2015statistical,
  title={Statistical learning with sparsity: the lasso and generalizations},
  author={Hastie, Trevor and Tibshirani, Robert and Wainwright, Martin},
  year={2015},
  publisher={CRC press}
}

@article{lee2016bayesian,
  title={Bayesian variable selection for finite mixture model of linear regressions},
  author={Lee, Kuo-Jung and Chen, Ray-Bing and Wu, Ying Nian},
  journal={Computational Statistics \& Data Analysis},
  volume={95},
  pages={1--16},
  year={2016},
  publisher={Elsevier}
}

@article{dube2017scalable,
  title={Scalable Price Targeting},
  author={Dub{\'e}, Jean-Pierre and Misra, Sanjog},
  year={2017}
}

@article{taddy2016nonparametric,
  title={A nonparametric bayesian analysis of heterogenous treatment effects in digital experimentation},
  author={Taddy, Matt and Gardner, Matt and Chen, Liyun and Draper, David},
  journal={Journal of Business \& Economic Statistics},
  volume={34},
  number={4},
  pages={661--672},
  year={2016},
  publisher={Taylor \& Francis}
}

@techreport{genc2016empirical,
  title={Empirical Estimation of Elasticities and Their Use},
  author={Genc, Murat and others},
  year={2016},
  institution={EcoMod}
}

@misc{jeffreys1961theory,
  title={Theory of probability},
  author={Jeffreys, H},
  year={1961},
  publisher={Oxford University Press, London}
}

@book{buhlmann2011statistics,
  title={Statistics for high-dimensional data: methods, theory and applications},
  author={B{\"u}hlmann, Peter and Van De Geer, Sara},
  year={2011},
  publisher={Springer Science \& Business Media}
}

@article{donohue2001impact,
  title={The impact of legalized abortion on crime},
  author={Donohue III, John J and Levitt, Steven D},
  journal={The Quarterly Journal of Economics},
  volume={116},
  number={2},
  pages={379--420},
  year={2001},
  publisher={MIT Press}
}

@article{geweke1996variable,
  title={Variable selection and model comparison in regression},
  author={Geweke, John},
  journal={In Bayesian Statistics 5},
  year={1996}
}

@article{smith1996nonparametric,
  title={Nonparametric regression using Bayesian variable selection},
  author={Smith, Michael and Kohn, Robert},
  journal={Journal of Econometrics},
  volume={75},
  number={2},
  pages={317--343},
  year={1996},
  publisher={Elsevier}
}

@article{gelfand1990sampling,
  title={Sampling-based approaches to calculating marginal densities},
  author={Gelfand, Alan E and Smith, Adrian FM},
  journal={Journal of the American statistical association},
  volume={85},
  number={410},
  pages={398--409},
  year={1990},
  publisher={Taylor \& Francis Group}
}

@article{dicker2012residual,
  title={Residual variance and the signal-to-noise ratio in high-dimensional linear models},
  author={Dicker, Lee H},
  journal={arXiv preprint arXiv:1209.0012},
  year={2012}
}

@article{rubin1981bayesian,
  title={The bayesian bootstrap},
  author={Rubin, Donald B},
  journal={The annals of statistics},
  pages={130--134},
  year={1981},
  publisher={JSTOR}
}

@article{tanner1987calculation,
  title={The calculation of posterior distributions by data augmentation},
  author={Tanner, Martin A and Wong, Wing Hung},
  journal={Journal of the American statistical Association},
  volume={82},
  number={398},
  pages={528--540},
  year={1987},
  publisher={Taylor \& Francis}
}

@misc{trevor2009elements,
  title={The elements of statistical learning: data mining, inference, and prediction},
  author={Hastie, Trevor and Robert, Tibshirani and JH, Friedman},
  year={2009},
  publisher={New York, NY: Springer}
}

@article{carvalho2010horseshoe,
  title={The horseshoe estimator for sparse signals},
  author={Carvalho, Carlos M and Polson, Nicholas G and Scott, James G},
  journal={Biometrika},
  volume={97},
  number={2},
  pages={465--480},
  year={2010},
  publisher={Oxford University Press}
}

@article{narisetty2014bayesian,
  title={Bayesian variable selection with shrinking and diffusing priors},
  author={Narisetty, Naveen Naidu and He, Xuming and others},
  journal={The Annals of Statistics},
  volume={42},
  number={2},
  pages={789--817},
  year={2014},
  publisher={Institute of Mathematical Statistics}
}

@article{wang2012bayesian,
  title={Bayesian effect estimation accounting for adjustment uncertainty},
  author={Wang, Chi and Parmigiani, Giovanni and Dominici, Francesca},
  journal={Biometrics},
  volume={68},
  number={3},
  pages={661--671},
  year={2012},
  publisher={Wiley Online Library}
}

@article{rubin1974estimating,
  title={Estimating causal effects of treatments in randomized and nonrandomized studies.},
  author={Rubin, Donald B},
  journal={Journal of educational Psychology},
  volume={66},
  number={5},
  pages={688},
  year={1974},
  publisher={American Psychological Association}
}

@article{rubin1987calculation,
  title={The calculation of posterior distributions by data augmentation: Comment: A noniterative sampling/importance resampling alternative to the data augmentation algorithm for creating a few imputations when fractions of missing information are modest: The SIR algorithm},
  author={Rubin, Donald B},
  journal={Journal of the American Statistical Association},
  volume={82},
  number={398},
  pages={543--546},
  year={1987},
  publisher={JSTOR}
}

@article{foote2008impact,
  title={The impact of legalized abortion on crime: Comment},
  author={Foote, Christopher L and Goetz, Christopher F},
  journal={The Quarterly Journal of Economics},
  volume={123},
  number={1},
  pages={407--423},
  year={2008},
  publisher={MIT Press}
}

@article{kahane2008abortion,
  title={The abortion--crime link: Evidence from England and Wales},
  author={Kahane, Leo H and Paton, David and Simmons, Rob},
  journal={Economica},
  volume={75},
  number={297},
  pages={1--21},
  year={2008},
  publisher={Wiley Online Library}
}

@book{lynch2007introduction,
  title={Introduction to applied Bayesian statistics and estimation for social scientists},
  author={Lynch, Scott M},
  year={2007},
  publisher={Springer Science \& Business Media}
}

@article{madigan1994model,
  title={Model selection and accounting for model uncertainty in graphical models using Occam's window},
  author={Madigan, David and Raftery, Adrian E},
  journal={Journal of the American Statistical Association},
  volume={89},
  number={428},
  pages={1535--1546},
  year={1994},
  publisher={Taylor \& Francis Group}
}

@article{barbieri2004optimal,
  title={Optimal predictive model selection},
  author={Barbieri, Maria Maddalena and Berger, James O and others},
  journal={The annals of statistics},
  volume={32},
  number={3},
  pages={870--897},
  year={2004},
  publisher={Institute of Mathematical Statistics}
}

@article{rajaratnam2015mcmc,
  title={MCMC-based inference in the era of big data: A fundamental analysis of the convergence complexity of high-dimensional chains},
  author={Rajaratnam, Bala and Sparks, Doug},
  journal={arXiv preprint arXiv:1508.00947},
  year={2015}
}

@inproceedings{celeux1998bayesian,
  title={Bayesian inference for mixture: The label switching problem},
  author={Celeux, Gilles},
  booktitle={Compstat},
  pages={227--232},
  year={1998},
  organization={Springer}
}

@article{varian2014big,
  title={Big data: New tricks for econometrics},
  author={Varian, Hal R},
  journal={Journal of Economic Perspectives},
  volume={28},
  number={2},
  pages={3--28},
  year={2014}
}

@incollection{athey2018impact,
  title={The impact of machine learning on economics},
  author={Athey, Susan},
  booktitle={The Economics of Artificial Intelligence: An Agenda},
  year={2018},
  publisher={University of Chicago Press}
}

@article{mullainathan2017machine,
  title={Machine learning: an applied econometric approach},
  author={Mullainathan, Sendhil and Spiess, Jann},
  journal={Journal of Economic Perspectives},
  volume={31},
  number={2},
  pages={87--106},
  year={2017}
}

@article{breiman2001random,
  title={Random forests},
  author={Breiman, Leo},
  journal={Machine learning},
  volume={45},
  number={1},
  pages={5--32},
  year={2001},
  publisher={Springer}
}

@article{wager2017estimation,
  title={Estimation and inference of heterogeneous treatment effects using random forests},
  author={Wager, Stefan and Athey, Susan},
  journal={Journal of the American Statistical Association},
  number={just-accepted},
  year={2017},
  publisher={Taylor \& Francis}
}

@article{khalili2007variable,
  title={Variable selection in finite mixture of regression models},
  author={Khalili, Abbas and Chen, Jiahua},
  journal={Journal of the american Statistical association},
  volume={102},
  number={479},
  pages={1025--1038},
  year={2007},
  publisher={Taylor \& Francis}
}

@article{george2000calibration,
  title={Calibration and empirical Bayes variable selection},
  author={George, EdwardI and Foster, Dean P},
  journal={Biometrika},
  volume={87},
  number={4},
  pages={731--747},
  year={2000},
  publisher={Oxford University Press}
}

@article{madigan1995bayesian,
  title={Bayesian graphical models for discrete data},
  author={Madigan, David and York, Jeremy and Allard, Denis},
  journal={International Statistical Review/Revue Internationale de Statistique},
  pages={215--232},
  year={1995},
  publisher={JSTOR}
}

@article{belloni2013least,
  title={Least squares after model selection in high-dimensional sparse models},
  author={Belloni, Alexandre and Chernozhukov, Victor and others},
  journal={Bernoulli},
  volume={19},
  number={2},
  pages={521--547},
  year={2013},
  publisher={Bernoulli Society for Mathematical Statistics and Probability}
}

@article{imbens2004nonparametric,
  title={Nonparametric estimation of average treatment effects under exogeneity: A review},
  author={Imbens, Guido W},
  journal={Review of Economics and statistics},
  volume={86},
  number={1},
  pages={4--29},
  year={2004},
  publisher={MIT Press}
}

@article{donaldson2016view,
  title={The view from above: Applications of satellite data in economics},
  author={Donaldson, Dave and Storeygard, Adam},
  journal={Journal of Economic Perspectives},
  volume={30},
  number={4},
  pages={171--98},
  year={2016}
}

@article{chernozhukov2017double,
  title={Double/debiased/neyman machine learning of treatment effects},
  author={Chernozhukov, Victor and Chetverikov, Denis and Demirer, Mert and Duflo, Esther and Hansen, Christian and Newey, Whitney},
  journal={American Economic Review},
  volume={107},
  number={5},
  pages={261--65},
  year={2017}
}

@article{athey2016recursive,
  title={Recursive partitioning for heterogeneous causal effects},
  author={Athey, Susan and Imbens, Guido},
  journal={Proceedings of the National Academy of Sciences},
  volume={113},
  number={27},
  pages={7353--7360},
  year={2016},
  publisher={National Acad Sciences}
}

@article{DitlevFreddy2018,
  title={Seminar Paper: Scalable Price Targetting},
  author={Frisch, Ditlev Kiersgaard and Melchiorsen, Frederik},
  journal={Seminar Paper at University of Copenhagen, https://github.com/DitlevF/Scalable-Price-Targetting},
  volume={},
  number={},
  pages={},
  year={2018},
  publisher={}
}

@incollection{scott2015bayesian,
  title={Bayesian variable selection for nowcasting economic time series},
  author={Scott, Steven L and Varian, Hal R},
  booktitle={Economic analysis of the digital economy},
  pages={119--135},
  year={2015},
  publisher={University of Chicago Press}
}

@article{hartford2016counterfactual,
  title={Counterfactual Prediction with Deep Instrumental Variables Networks},
  author={Hartford, Jason and Lewis, Greg and Leyton-Brown, Kevin and Taddy, Matt},
  journal={arXiv preprint arXiv:1612.09596},
  year={2016}
}

@article{belloni2012sparse,
  title={Sparse models and methods for optimal instruments with an application to eminent domain},
  author={Belloni, Alexandre and Chen, Daniel and Chernozhukov, Victor and Hansen, Christian},
  journal={Econometrica},
  volume={80},
  number={6},
  pages={2369--2429},
  year={2012},
  publisher={Wiley Online Library}
}

@article{bouguila2006practical,
  title={Practical Bayesian estimation of a finite beta mixture through Gibbs sampling and its applications},
  author={Bouguila, Nizar and Ziou, Djemel and Monga, Ernest},
  journal={Statistics and Computing},
  volume={16},
  number={2},
  pages={215--225},
  year={2006},
  publisher={Springer}
}

@book{robert2002mixture,
  title={A Mixture Approach to Bayesan Goodness of Fit},
  author={Robert, Christian P and Rousseau, Judith}
}

@incollection{belloni2011high,
  title={High dimensional sparse econometric models: An introduction},
  author={Belloni, Alexandre and Chernozhukov, Victor},
  booktitle={Inverse Problems and High-Dimensional Estimation},
  pages={121--156},
  year={2011},
  publisher={Springer}
}

@article{angrist1991does,
  title={Does compulsory school attendance affect schooling and earnings?},
  author={Angrist, Joshua D and Keueger, Alan B},
  journal={The Quarterly Journal of Economics},
  volume={106},
  number={4},
  pages={979--1014},
  year={1991},
  publisher={MIT Press}
}

@misc{mclachlan2000finite,
  title={Finite mixture models, willey series in probability and statistics},
  author={McLachlan, Geoffrey and Peel, David},
  year={2000},
  publisher={John Wiley \& Sons, New York}
}

@article{lusardi2017optimal,
  title={Optimal financial knowledge and wealth inequality},
  author={Lusardi, Annamaria and Michaud, Pierre-Carl and Mitchell, Olivia S},
  journal={Journal of Political Economy},
  volume={125},
  number={2},
  pages={431--477},
  year={2017},
  publisher={University of Chicago Press Chicago, IL}
}